@book{kaplan_understanding_2005,
	title = {Understanding {GPS}: principles and applications},
	publisher = {Artech house},
	author = {Kaplan, Elliott and Hegarty, Christopher},
	date = {2005},
	file = {UndestandingGPS.pdf:/home/chris/zotero/storage/96BFNJQY/UndestandingGPS.pdf:application/pdf}
}
