@online{alti,
    author = {Graham Jackson and Chris Crocker},
    title = {The use of altimeters in height measurement},
    year = {2016},
    url = {http://www.hills-database.co.uk/altim.html},
    urldate = {2017-10-12}
}

@article{buildings1,
    author = {S. Noronha and R. Nevatia},
    year = {2009},
    title = {Detection and Modeling of Buildings from Multiple Aerial Images},
    url = {http://iris.usc.edu/outlines/papers/2001/san-pami-01.pdf}
}

@article{buildings2,
    author = {A. Huertas and R. Nevatia},
    year = {1998},
    title = {Detecting Buildings in Aerial Images},
    url = {http://iris.usc.edu/Outlines/papers/1988/huertas-nevatia-cvgip-88.pdf}
}
